@article{peckham2012component,
  title={A Component-Based Approach to Integrated Modeling in the Geosciences: The Design of CSDMS},
  author={Peckham, Scott D. and Hutton, Eric W. H. and Norris, Boyana},
  journal={Computers \& Geosciences},
  year={2012}
}

@incollection{syvitski2014plug,
  author={James P M Syvitski and Eric W H Hutton and Mark D Piper and Irina Overeem and Albert J Kettner and Scott D Peckham},
  title={Plug and play component modeling - The {CSDMS}2.0 approach},
  booktitle={Proceedings of the 7th Intl. Congress on Env. Modelling and Software, International Environmental Modelling and Software Society (iEMSs)},
  organization={iEMSs},
  address={San Diego, CA},
  year=2014
}

@inproceedings{brase2009datacite,
    title={DataCite-A global registration agency for research data},
    author={Brase, Jan},
    booktitle={Cooperation and Promotion of Information Resources in Science and Technology, 2009. COINFO'09. Fourth International Conference on},
    pages={257--261},
    year={2009},
    organization={IEEE}
}

@article{paskin2005digital,
    title={Digital object identifiers for scientific data},
    author={Paskin, Norman},
    journal={Data Science Journal},
    volume={4},
    pages={12--20},
    year={2005},
    publisher={CODATA}
}

@article{ince2012case,
    title={The case for open computer programs},
    author={Ince, Darrel C and Hatton, Leslie and Graham-Cumming, John},
    journal={Nature},
    volume={482},
    number={7386},
    pages={485--488},
    year={2012},
    publisher={Nature Publishing Group}
} 

@article{hill2004architecture,
    title={The architecture of the earth system modeling framework},
    author={Hill, Chris and DeLuca, Cecelia and Suarez, Max and da Silva, Arlindo},
    journal={Computing in Science \& Engineering},
    volume={6},
    number={1},
    pages={18--28},
    year={2004},
    publisher={AIP Publishing}
}

@article{gregersen2007openmi,
    title={OpenMI: Open modelling interface},
    author={Gregersen, J and Gijsbers, P and Westen, S},
    journal={Journal of Hydroinformatics},
    volume={9},
    number={3},
    pages={175--191},
    year={2007}
}

@article{david2002object,
    title={The object modeling system},
    author={David, Olaf and Markstrom, Steven L and Rojas, Kenneth W and Ahuja, Lajpat R and Schneider, Ian W},
    journal={Agricultural system models in field research and technology transfer},
    pages={317--331},
    year={2002},
    publisher={Lewis Publishers, Boca Raton, FL}
}

@article{voinov2010community,
    title={A community approach to earth systems modeling},
    author={Voinov, Alexey A and DeLuca, Cecelia and Hood, Raleigh R and Peckham, Scott and Sherwood, Christopher R and Syvitski, James PM},
    journal={Eos, Transactions American Geophysical Union},
    volume={91},
    number={13},
    pages={117--118},
    year={2010},
    publisher={Wiley Online Library}
}

@article{overeem2013strategies,
    title={Strategies for integrated modeling: The community surface dynamics modeling system example},
    author={Overeem, Irina and Berlin, Maureen M and Syvitski, James PM},
    journal={Environmental Modelling \& Software},
    volume={39},
    pages={314--321},
    year={2013},
    publisher={Elsevier}
} 

@inproceedings{armstrong1999toward,
    title={Toward a common component architecture for high-performance scientific computing},
    author={Armstrong, Rob and Gannon, Dennis and Geist, Al and Keahey, Katarzyna and Kohn, Scott and McInnes, Lois and Parker, Steve and Smolinski, Brent},
    booktitle={High Performance Distributed Computing, 1999. Proceedings. The Eighth International Symposium on},
    pages={115--124},
    year={1999},
    organization={IEEE}
}
